@article {related1_PaoHaoChen,
	Title = {Integrating Natural Language Processing and Machine Learning Algorithms to Categorize Oncologic Response in Radiology Reports},
	Author = {Chen, Po-Hao and Zafar, Hanna and Galperin-Aizenberg, Maya and Cook, Tessa},
	DOI = {10.1007/s10278-017-0027-x},
	Number = {2},
	Volume = {31},
	Month = {April},
	Year = {2018},
	Journal = {Journal of digital imaging},
	ISSN = {0897-1889},
	Pages = {178—184},
}
@article{related2_Shiva,
    title={Prediction of disease based on prescription using data mining methods},
    author={Shiva Kazempour Dehkordi and Hedieh Sajedi},
    journal={Health and Technology},
    year={2018},
    volume={9},
    pages={37-44}
}
@article{related3_Abdullah,
    title ={Review of Medical Decision Support and Machine-Learning Methods},
    author = {Abdullah Awaysheh and Jeffrey Wilcke and François Elvinger and Loren Rees and Weiguo Fan and Kurt L. Zimmerman},
    journal = {Veterinary Pathology},
    volume = {56},
    number = {4},
    pages = {512-525},
    year = {2019},
    doi = {10.1177/0300985819829524},
}
@article{3.1,
    author = {Turing, A. M.},
    title = "{I.—Computing Machinery and Intelligence}",
    journal = {Mind},
    year = {1950},
    month = {10},
    issn = {0026-4423},
    doi = {10.1093/mind/LIX.236.433},
    url = {https://doi.org/10.1093/mind/LIX.236.433},
    eprint = {https://academic.oup.com/mind/article-pdf/LIX/236/433/30123314/lix-236-433.pdf},
}
@MISC{3.2,
    author={Georgouli, A.},
    year={2015},
    title = {Μηχανική Μάθηση [Chapter]. In Georgouli, A. 2015. Τεχνητή νοημοσύνη [Undergraduate textbook]},
    publisher = {Kallipos, Open Academic Editions. chapter 1.},
}
@MISC{3.3,
author = {Keith D. Foote},
title = {A Brief History of Machine Learning},
year = {2019}
}
@MISC{3.4,
author = {https://researchdatapod.com/the-history-of-machine-learning/}
}
@book{3.5,
title = {Πτυχιακή «Βαθιά Μάθηση με εφαρμογές στην Ιατρική»},
publisher = {Σχολή Τεχνολογικών Εφαρμογών Τμήμα Αυτοματισμού},
author = {Αντωνιος Αθανασίου},
year = {2018}
}
@MISC{3.6,
title = {Introduction to Perceptron: Neural Network},
author = {https://blog.knoldus.com/introduction-to-perceptron-neural-network/},
year = {2017}
}
@MISC{3.7,
author = {Demertzis, Konstantinos},
year = {2018},
month = {10},
title = {Support vector machine. An introduction},
doi = {10.13140/RG.2.2.17390.05443}
}
@book{3.8,
title = {Master Thesis "Prediction of Aircraft trajectory using LSTM Neural Networks"},
author = {Ζαχόπουλος Γιώργος},
year = {2018},
publisher ={Πανεπιστήμιο Πειραιώς – Τμήμα Πληροφορικής}
}
@MISC{3.9,
author = {Helm, J.M., Swiergosz, A.M., Haeberle, H.S.},
title = {Machine Learning and Artificial Intelligence: Definitions, Applications, and Future Directions},
doi = {https://doi.org/10.1007/s12178-020-09600-8},
year = {2020}
}
@MISC{3.10,
title = {Artificial Intelligence: Definition, Trends, Techniques and Cases},
author = {Joost N. Kok, Egbert J. W. Boers, Walter A. Kosters, Peter van der Putten and Mannes Poel},
year = {2002}
}
@MISC{3.11,
author = {Jason Brownlee},
title = {What is Machine Learning?},
year = {2013}
}
@book{3.12,
title = {Νευρωνικά Δίκτυα και Μηχανική Μάθηση Εφαρμογές στη Βιοπληροφορική και στον Παγκόσμιο Ιστό},
author = {Λελοβίτη Σοφία, Δημολίτσα Θεοδώρα},
publisher = {Πανεπιστήμιο Θεσσαλίας}
}

@MISC{dataset,
author = {https://www.kaggle.com/tboyle10/medicaltranscriptions}
}

@MISC{mtsamples,
author = {https://www.mtsamples.com/}
}

@book{lemmatize,
author = {Manning, Christopher D. and Raghavan, Prabhakar and Sch\"{u}tze, Hinrich},
title = {Introduction to Information Retrieval},
year = {2008},
isbn = {0521865719},
publisher = {Cambridge University Press},
address = {USA}
}

@article{ohlson1980,
 ISSN = {00218456, 1475679X},
 URL = {http://www.jstor.org/stable/2490395},
 author = {James A. Ohlson},
 journal = {Journal of Accounting Research},
 number = {1},
 pages = {109--131},
 publisher = {[Accounting Research Center, Booth School of Business, University of Chicago, Wiley]},
 title = {Financial Ratios and the Probabilistic Prediction of Bankruptcy},
 urldate = {2022-06-23},
 volume = {18},
 year = {1980}
}

@MISC{bayesTheorem,
title = {Kendall\'s Advanced Theory of Statistics: Volume I—Distribution Theory},
author = { Stuart, A.; Ord, K.},
year = {1994},
publisher = {Edward Arnold}
}


@article{deep1,
    author = {F. Rosenblatt,},
    title = "{The perceptron: A probabilistic model for information storage
and organization in the brain}",
    journal = {Psychological Review,},
    year = {1958},
    doi = {10.1037/h0042519},
}